<?xml version="1.0" encoding="UTF-8"?>
<OAI-PMH xmlns="http://www.openarchives.org/OAI/2.0/" xmlns:xsi="http://www.w3.org/2001/XMLSchema-instance" xsi:schemaLocation="http://www.openarchives.org/OAI/2.0/ http://www.openarchives.org/OAI/2.0/OAI-PMH.xsd">
  <ListRecords>
    <record>
      <header>
        <identifier>aleph-publish:001700512</identifier>
      </header>
      <metadata>
        <record xmlns="http://www.ddb.de/professionell/mabxml/mabxml-1.xsd">
          <leader>00000nM2.01200024------h</leader>
          <controlfield tag="LDR">00000nM2.01200024------h</controlfield>
          <controlfield tag="FMT">MH</controlfield>
          <datafield tag="001" ind1="-" ind2="1">
            <subfield code="a">HT018191814</subfield>
          </datafield>
          <datafield tag="002" ind1="a" ind2="1">
            <subfield code="a">20140307</subfield>
          </datafield>
          <datafield tag="003" ind1="-" ind2="1">
            <subfield code="a">20140307094031</subfield>
          </datafield>
          <datafield tag="020" ind1="a" ind2="1">
            <subfield code="a">2760765-3</subfield>
            <subfield code="b">DNB</subfield>
          </datafield>
          <datafield tag="025" ind1="a" ind2="1">
            <subfield code="a">1048231380</subfield>
          </datafield>
          <datafield tag="025" ind1="z" ind2="1">
            <subfield code="a">2760765-3</subfield>
          </datafield>
          <datafield tag="026" ind1="-" ind2="1">
            <subfield code="a">ZDB2760765-3</subfield>
          </datafield>
          <controlfield tag="030">a||da||||||27</controlfield>
          <datafield tag="036" ind1="a" ind2="1">
            <subfield code="a">XA-DXDE</subfield>
          </datafield>
          <datafield tag="037" ind1="b" ind2="1">
            <subfield code="a">ger</subfield>
          </datafield>
          <controlfield tag="050">||||||||g|||||</controlfield>
          <controlfield tag="052">p||||||t|||||||</controlfield>
          <controlfield tag="058">cr||||||||||||</controlfield>
          <datafield tag="070" ind1="-" ind2="1">
            <subfield code="a">0061</subfield>
          </datafield>
          <datafield tag="070" ind1="a" ind2="1">
            <subfield code="a">DNB</subfield>
          </datafield>
          <datafield tag="070" ind1="b" ind2="1">
            <subfield code="a">0061</subfield>
          </datafield>
          <datafield tag="076" ind1="c" ind2="1">
            <subfield code="a">dm</subfield>
            <subfield code="a">ld</subfield>
            <subfield code="a">sc</subfield>
          </datafield>
          <datafield tag="078" ind1="z" ind2="1">
            <subfield code="a">lzZDB</subfield>
          </datafield>
          <datafield tag="200" ind1="-" ind2="1">
            <subfield code="k">Vollberechtigtes Progymnasium</subfield>
            <subfield code="h">Preußisch Friedland</subfield>
            <subfield code="9">(DE-588)5107515-5</subfield>
          </datafield>
          <datafield tag="331" ind1="-" ind2="1">
            <subfield code="a">Programm des Vollberechtigten Progymnasiums zu Pr. Friedland</subfield>
          </datafield>
          <datafield tag="334" ind1="-" ind2="1">
            <subfield code="a">Elektronische Ressource</subfield>
          </datafield>
          <datafield tag="335" ind1="-" ind2="1">
            <subfield code="a">durch welches zu der ... abzuhaltenden öffentlichen Prüfung die Wohllöblichen Behörden, die Eltern der Schüler, sowie alle Freund des Schulwesens im Namen des Lehrerkollegiums ergebenst einladet</subfield>
          </datafield>
          <datafield tag="405" ind1="-" ind2="1">
            <subfield code="a">1884/85(1885) - 1886/87(1887); mehr nicht digital.</subfield>
          </datafield>
          <datafield tag="410" ind1="-" ind2="1">
            <subfield code="a">Pr. Friedland</subfield>
          </datafield>
          <datafield tag="412" ind1="-" ind2="1">
            <subfield code="a">[s.n.]</subfield>
          </datafield>
          <datafield tag="425" ind1="b" ind2="1">
            <subfield code="a">1884</subfield>
          </datafield>
          <datafield tag="425" ind1="c" ind2="1">
            <subfield code="a">1887</subfield>
          </datafield>
          <datafield tag="527" ind1="z" ind2="1">
            <subfield code="p">Druckausg. ---&gt;</subfield>
            <subfield code="a">Vollberechtigtes Progymnasium &lt;Preußisch Friedland&gt;: Programm des Vollberechtigten Progymnasiums zu Pr. Friedland</subfield>
            <subfield code="9">HT012511635</subfield>
          </datafield>
          <datafield tag="531" ind1="-" ind2="1">
            <subfield code="a">Vorg.  ---&gt; Progymnasium</subfield>
          </datafield>
          <datafield tag="533" ind1="z" ind2="1">
            <subfield code="p">Forts.: ---&gt;</subfield>
            <subfield code="a">Vollberechtigtes Königliches Progymnasium &lt;Preußisch Friedland&gt;: Programm des Vollberechtigten Königlichen Progymnasiums zu Pr. Friedland</subfield>
            <subfield code="9">HT018191816</subfield>
          </datafield>
          <datafield tag="552" ind1="b" ind2="1">
            <subfield code="a">urn:nbn:de:hbz:061:1-333187</subfield>
          </datafield>
          <datafield tag="610" ind1="-" ind2="1">
            <subfield code="a">Digital. Ausg.</subfield>
          </datafield>
          <datafield tag="610" ind1="a" ind2="1">
            <subfield code="a">Düsseldorf : Universitäts- und Landesbibliothek, 2014</subfield>
          </datafield>
          <datafield tag="611" ind1="-" ind2="1">
            <subfield code="a">Düsseldorf</subfield>
          </datafield>
          <datafield tag="613" ind1="-" ind2="1">
            <subfield code="a">Universitäts- und Landesbibliothek</subfield>
          </datafield>
          <datafield tag="619" ind1="b" ind2="1">
            <subfield code="a">2014</subfield>
          </datafield>
          <datafield tag="619" ind1="c" ind2="1">
            <subfield code="a">2014</subfield>
          </datafield>
          <datafield tag="652" ind1="a" ind2="1">
            <subfield code="a">Online-Ressource</subfield>
          </datafield>
          <datafield tag="655" ind1="e" ind2="1">
            <subfield code="u">http://nbn-resolving.de/urn:nbn:de:hbz:061:1-333187</subfield>
            <subfield code="x">Resolving-System</subfield>
            <subfield code="A">0</subfield>
          </datafield>
          <datafield tag="655" ind1="e" ind2="1">
            <subfield code="u">http://nbn-resolving.de/urn:nbn:de:hbz:061:1-333187</subfield>
            <subfield code="x">Digitalisierung</subfield>
            <subfield code="z">kostenfrei</subfield>
            <subfield code="A">0</subfield>
          </datafield>
          <datafield tag="675" ind1="-" ind2="1">
            <subfield code="a">preußisch</subfield>
          </datafield>
          <datafield tag="700" ind1="-" ind2="1">
            <subfield code="a">370</subfield>
            <subfield code="2">ZDB</subfield>
          </datafield>
          <controlfield tag="SYS">001700512</controlfield>
          <datafield tag="GKZ" ind1="-" ind2="1">
            <subfield code="a">KF</subfield>
          </datafield>
          <datafield tag="PLK" ind1=" " ind2=" ">
            <subfield code="a">AND</subfield>
            <subfield code="l">PAD01</subfield>
            <subfield code="b">001700777</subfield>
            <subfield code="m">Programm des Vollberechtigten Progymnasiums zu Pr. Friedland.^1884</subfield>
            <subfield code="n">Bis zum Jahre 1650.^1885.^-^1885, S. [3] - 22.^</subfield>
          </datafield>
          <datafield tag="PLK" ind1=" " ind2=" ">
            <subfield code="a">AND</subfield>
            <subfield code="l">PAD01</subfield>
            <subfield code="b">001700778</subfield>
            <subfield code="m">Programm des Vollberechtigten Progymnasiums zu Pr. Friedland.^1884</subfield>
            <subfield code="n">... aus den Jahren 1650 - 1750.^1886.^-^1886, S. [3] - 28.^</subfield>
          </datafield>
          <datafield tag="PLK" ind1=" " ind2=" ">
            <subfield code="a">PAR</subfield>
            <subfield code="l">PAD01</subfield>
            <subfield code="b">001700513</subfield>
            <subfield code="m">Früher unter dem Titel:^Programm des Vollberechtigten Progymnasiums zu Pr. Friedland.^1884</subfield>
            <subfield code="n">Später unter dem Titel:^Programm des Vollberechtigten Königlichen Progymnasiums zu Pr. Friedland.^1888</subfield>
          </datafield>
        </record>
      </metadata>
    </record>
  </ListRecords>
</OAI-PMH>
